<?xml version="1.0" encoding="UTF-8"?><record xmlns="http://www.loc.gov/MARC21/slim" xmlns:cinclude="http://apache.org/cocoon/include/1.0" xmlns:zs="http://www.loc.gov/zing/srw/">
  <leader>00456nz  a2200133n  4500</leader>
  <controlfield tag="001">n  86124649 </controlfield>
  <controlfield tag="003">DLC</controlfield>
  <controlfield tag="005">19861125074317.7</controlfield>
  <controlfield tag="008">861016n| acannaab|          |a ana |||  </controlfield>
  <datafield tag="010" ind1=" " ind2=" ">
    <subfield code="a">n  86124649 </subfield>
  </datafield>
  <datafield tag="040" ind1=" " ind2=" ">
    <subfield code="a">DLC</subfield>
    <subfield code="c">DLC</subfield>
    <subfield code="d">DLC</subfield>
  </datafield>
  <datafield tag="110" ind1="2" ind2="0">
    <subfield code="a">Human Resources Program (Conference Board)</subfield>
  </datafield>
  <datafield tag="410" ind1="2" ind2="0">
    <subfield code="a">Conference Board.</subfield>
    <subfield code="b">Human Resources Program</subfield>
  </datafield>
  <datafield tag="670" ind1=" " ind2=" ">
    <subfield code="a">Freedman, A. Perspectives on employment, c1986:</subfield>
    <subfield code="b">t.p. (Human Resources Program; Conference Board, New York, N.Y.)</subfield>
  </datafield>
</record>